<?xml version="1.0" encoding="UTF-8"?><collection xmlns="http://www.loc.gov/MARC21/slim"><record><leader>00404nam--2200121-i-4500</leader><controlfield tag="001">000015389</controlfield><controlfield tag="002">20161230</controlfield><controlfield tag="005">20161230201031</controlfield><controlfield tag="008">060222s1000------------r-----000-0-eng-d</controlfield><datafield ind1=" " ind2=" " tag="245"><subfield code="a">Colloquia mathematica societatis janos bolyai: nr.27: random fields. rigorous results in statistical mechanics and quantum field theory</subfield></datafield><datafield ind1=" " ind2=" " tag="260"><subfield code="a">Amsterdam, North-holland Publ.Co., 1981</subfield></datafield><datafield ind1=" " ind2=" " tag="700"><subfield code="a">Fritz, J</subfield></datafield><datafield ind1=" " ind2=" " tag="852"><subfield code="a">71284</subfield></datafield></record></collection>